@misc{android:dev:osfragmentation,
    title = "{Distribution dashboard  |  Android Developers}",
    howpublished = {\url{https://developer.android.com/about/dashboards/}},
    note = "{(Accessed on 07.06.2018)}"
}

@misc{android:codelab:work_manager,
    title = "{Background Work with WorkManager}",
    howpublished = {\url{https://codelabs.developers.google.com/codelabs/android-workmanager}},
    note = "{(Accessed on 07.06.2018)}"
}

@misc{android:codelab:navigation_architecture,
    title = "{Navigation Codelab}",
    howpublished = {\url{https://codelabs.developers.google.com/codelabs/android-navigation}},
    note = "{(Accessed on 08.06.2018)}"
}

@misc{android:tuto:navigation_architecture,
    author = "{Nish Tahir}",
    title = "{Exploring Android's Navigation Architecture Component}",
    howpublished = {\url{https://willowtreeapps.com/ideas/exploring-androids-navigation-architecture-component}},
    note = "{(Accessed on 07.06.2018)}"
}

@misc{android:doc:jetpack:navigation,
    title = "{Implement navigation with the Navigation Architecture Component  |  Android Developers}",
    howpublished = {\url{https://developer.android.com/topic/libraries/architecture/navigation/navigation-implementing}},
    note = "{(Accessed on 07.06.2018)}"
}

@misc{android:doc:jetpack:work_manager,
    title = "{Schedule tasks with WorkManager  |  Android Developers}",
    howpublished = {\url{https://developer.android.com/topic/libraries/architecture/workmanager}},
    note = "{(Accessed on 07.06.2018)}"
}

@misc{android:video:io2018:navigation,
    title = "{Android Jetpack: manage UI navigation with Navigation Controller (Google I/O '18) - YouTube}",
    howpublished = {\url{https://www.youtube.com/watch?v=8GCXtCjtg40}},
    month = "{May}",
    year = "{2018}",
    note = "{(Accessed on 07.06.2018)}"
}

@misc{wiki:define:boilerplate,
    title = "{Boilerplate code - Wikipedia}",
    howpublished = {\url{https://en.wikipedia.org/wiki/Boilerplate_code}},
    note = "{(Accessed on 18.06.2018)}"
}

@misc{kotlin:doc:data_classes,
    title = "{Data Classes - Kotlin Programming Language}",
    howpublished = {\url{https://kotlinlang.org/docs/reference/data-classes.html}},
    note = "{(Accessed on 18.06.2018)}"
}

@misc{camipro:homepage,
    title = "{Camipro | EPFL}",
    howpublished = {\url{https://camipro.epfl.ch/page-6801-en.html}},
    note = "{(Accessed on 21.06.2018)}"
}

@misc{camipro:creation,
    title = "{EPFL — PocketCampus}",
    howpublished = {\url{https://pocketcampus.org/epfl-fr/#epfl-support-fr}},
    note = "{(Accessed on 22.06.2018)}"
}